<?xml version="1.0" encoding="UTF-8"?><collection xmlns="http://www.loc.gov/MARC21/slim"><record><leader>00654nam--2200193-i-4500</leader><controlfield tag="001">000049402</controlfield><controlfield tag="002">20161230</controlfield><controlfield tag="005">20161230201047</controlfield><controlfield tag="008">060222s1000------------r-----000-0-eng-d</controlfield><datafield ind1=" " ind2=" " tag="020"><subfield code="a">9971502046</subfield></datafield><datafield ind1=" " ind2=" " tag="040"><subfield code="a">IFIN-HH</subfield></datafield><datafield ind1=" " ind2=" " tag="080"><subfield code="a">539.143(061.3)</subfield></datafield><datafield ind1="1" ind2=" " tag="100"><subfield code="a">Macchiavelli, Augusto O</subfield></datafield><datafield ind1="1" ind2="0" tag="245"><subfield code="a">Ix workshop in nuclear physics</subfield><subfield code="b">Proceedings of the ix workshop in nuclear physics buenos aires, argentina, june 23 - july 4, 1986</subfield><subfield code="c">Augusto o. macchiavelli, hugo m. sofia, edgardo ventura (eds.)</subfield></datafield><datafield ind1=" " ind2=" " tag="260"><subfield code="a">Singapore</subfield><subfield code="b">World Scientific</subfield><subfield code="c">1987</subfield></datafield><datafield ind1=" " ind2=" " tag="300"><subfield code="a">595P</subfield></datafield><datafield ind1="1" ind2=" " tag="700"><subfield code="a">Ventura, Edgardo</subfield><subfield code="e">Ed</subfield></datafield><datafield ind1=" " ind2=" " tag="852"><subfield code="a">72812</subfield><subfield code="c">539</subfield></datafield><datafield ind1=" " ind2=" " tag="CAT"><subfield code="a">Sys</subfield><subfield code="c">20111013</subfield><subfield code="h">144201</subfield></datafield></record></collection>